<?xml version="1.0" encoding="UTF-8"?><collection xmlns="http://www.loc.gov/MARC21/slim"><record><leader>00316nam--2200109-i-4500</leader><controlfield tag="001">000018672</controlfield><controlfield tag="002">20161230</controlfield><controlfield tag="005">20161230201032</controlfield><controlfield tag="008">060222s1000------------r-----000-0-eng-d</controlfield><datafield ind1=" " ind2=" " tag="245"><subfield code="a">La ensenanza y la energia nuclear en america latina</subfield></datafield><datafield ind1=" " ind2=" " tag="260"><subfield code="a">Viena, Organisimi Internacional De Energia Atomica, 1962. 76 P</subfield></datafield><datafield ind1=" " ind2=" " tag="852"><subfield code="a">783</subfield></datafield></record></collection>